<record><leader>00000cas a2200000 a 4500</leader><controlfield tag="001">13894426</controlfield><controlfield tag="008">860717d18911uuutxuwr ne      0    0eng d</controlfield><datafield ind1=" " ind2=" " tag="010"><subfield code="a">sn 86088048 </subfield></datafield><datafield ind1=" " ind2=" " tag="040"><subfield code="a">PPM</subfield><subfield code="b">eng</subfield><subfield code="c">PPM</subfield><subfield code="d">KNP</subfield><subfield code="d">OCL</subfield><subfield code="d">OCLCQ</subfield></datafield><datafield ind1=" " ind2=" " tag="042"><subfield code="a">msc</subfield></datafield><datafield ind1="0" ind2="0" tag="245"><subfield code="a">Lubbock leader.</subfield></datafield><datafield ind1=" " ind2=" " tag="260"><subfield code="a">Lubbock, Tex. :</subfield><subfield code="b">R.L. Rogers,</subfield><subfield code="c">1891-</subfield></datafield><datafield ind1=" " ind2=" " tag="300"><subfield code="a">v. :</subfield><subfield code="b">ill.</subfield></datafield><datafield ind1=" " ind2=" " tag="310"><subfield code="a">Weekly</subfield></datafield><datafield ind1="0" ind2=" " tag="362"><subfield code="a">Vol. 1, no. 1 (July 31, 1891)-</subfield></datafield><datafield ind1=" " ind2="4" tag="651"><subfield code="a">Lubbock (Tex.)</subfield><subfield code="v">Newspapers.</subfield></datafield><datafield ind1=" " ind2=" " tag="752"><subfield code="a">United States</subfield><subfield code="b">Texas</subfield><subfield code="c">Lubbock</subfield><subfield code="d">Lubbock.</subfield></datafield><datafield ind1="1" ind2=" " tag="029"><subfield code="a">AU@</subfield><subfield code="b">000022176809</subfield></datafield></record>